<record><leader>00000cas a22000007a 4500</leader><controlfield tag="001">20576483</controlfield><controlfield tag="008">891031d19821985lauwr ne      0    0eng d</controlfield><datafield ind1=" " ind2=" " tag="010"><subfield code="a">sn 89059405 </subfield></datafield><datafield ind1=" " ind2=" " tag="040"><subfield code="a">LNP</subfield><subfield code="b">eng</subfield><subfield code="c">LNP</subfield><subfield code="d">OCLCQ</subfield></datafield><datafield ind1=" " ind2=" " tag="042"><subfield code="a">msc</subfield></datafield><datafield ind1="0" ind2=" " tag="130"><subfield code="a">Mansfield enterprise (Mansfield, La. : 1982)</subfield></datafield><datafield ind1="1" ind2="0" tag="245"><subfield code="a">Mansfield enterprise.</subfield></datafield><datafield ind1="1" ind2="3" tag="246"><subfield code="a">Mansfield DeSoto Parish enterprise journal</subfield><subfield code="f">July 7, 1983-Apr. 19, 1984</subfield></datafield><datafield ind1="1" ind2="7" tag="246"><subfield code="a">Mansfield enterprise journal</subfield><subfield code="f">July 7, 1983-Apr. 30, 1984</subfield></datafield><datafield ind1=" " ind2=" " tag="260"><subfield code="a">Mansfield, La. :</subfield><subfield code="b">Journal Pub. Co.</subfield></datafield><datafield ind1=" " ind2=" " tag="300"><subfield code="a">v.</subfield></datafield><datafield ind1=" " ind2=" " tag="310"><subfield code="a">Weekly,</subfield><subfield code="b">Aug. 16, 1984-1985</subfield></datafield><datafield ind1=" " ind2=" " tag="321"><subfield code="a">Weekly,</subfield><subfield code="b">1982-&lt;June 20, 1983&gt;</subfield></datafield><datafield ind1=" " ind2=" " tag="321"><subfield code="a">Semiweekly,</subfield><subfield code="b">July 4, 1983-Aug. 9, 1984</subfield></datafield><datafield ind1="0" ind2=" " tag="362"><subfield code="a">Vol. 79, no. 17 (Sept. 14, 1982)-v. 80, no. 40 (Mar. 7, 1985).</subfield></datafield><datafield ind1=" " ind2=" " tag="752"><subfield code="a">United States</subfield><subfield code="b">Louisiana</subfield><subfield code="c">De Soto</subfield><subfield code="d">Mansfield.</subfield></datafield><datafield ind1="0" ind2="0" tag="780"><subfield code="t">Enterprise (Mansfield, La. : 1974)</subfield><subfield code="w">(DLC)sn 88064231</subfield></datafield><datafield ind1="0" ind2="5" tag="780"><subfield code="t">Mansfield journal (Mansfield, La. : 1971)</subfield><subfield code="g">July 7, 1983</subfield><subfield code="w">(DLC)sn 89059403</subfield></datafield><datafield ind1="0" ind2="0" tag="785"><subfield code="t">Enterprise (Mansfield, La. : 1985)</subfield><subfield code="w">(DLC)sn 89059404</subfield></datafield></record>